@article{CASP9,
author = {MacCallum, Justin L. and Perez, Alberto and Schnieders, Michael J. and Hua, Lan and Jacobson, Matthew P. and Dill, Ken A.},
title = {Assessment of protein structure refinement in CASP9},
journal = {Proteins: Struct., Funct., Bioinf.},
volume = {79},
number = {S10},
publisher = {Wiley Subscription Services, Inc., A Wiley Company},
pages = {74--90},
year = {2011},
}

